@article{dehejiawahba,
  title={Causal effects in nonexperimental studies: Reevaluating the evaluation of training programs},
  author={Dehejia, Rajeev H and Wahba, Sadek},
  journal={Journal of the American statistical Association},
  volume={94},
  number={448},
  pages={1053--1062},
  year={1999},
  publisher={Taylor \& Francis Group}
}

@article{dehejia2002propensity,
  title={Propensity score-matching methods for nonexperimental causal studies},
  author={Dehejia, Rajeev H and Wahba, Sadek},
  journal={Review of Economics and statistics},
  volume={84},
  number={1},
  pages={151--161},
  year={2002},
  publisher={MIT Press}
}

@article{firpo2007efficient,
  title={Efficient semiparametric estimation of quantile treatment effects},
  author={Firpo, Sergio},
  journal={Econometrica},
  volume={75},
  number={1},
  pages={259--276},
  year={2007},
  publisher={Wiley Online Library}
}

@article{imbensrubinsacerdote,
  title={Estimating the effect of unearned income on labor earnings, savings, and consumption: Evidence from a survey of lottery players},
  author={Imbens, Guido W and Rubin, Donald B and Sacerdote, Bruce I},
  journal={American Economic Review},
  pages={778--794},
  year={2001},
  publisher={JSTOR}
}

@article{LaLonde,
	title={Evaluating the econometric evaluations of training programs with experimental data},
	author={LaLonde, Robert J},
	journal={The American economic review},
	pages={604--620},
	year={1986},
	publisher={JSTOR}
}

@article{calonico2017women,
  title={The Women of the National Supported Work Demonstration},
  author={Cal{\'o}nico, Sebastian and Smith, Jeffrey},
  journal={Journal of Labor Economics},
  volume={35},
  number={S1},
  pages={S65--S97},
  year={2017},
  publisher={University of Chicago Press Chicago, IL}
}